<?xml version="1.0" encoding="UTF-8"?><collection xmlns="http://www.loc.gov/MARC21/slim"><record><leader>00521nam--2200169-i-4500</leader><controlfield tag="001">000033379</controlfield><controlfield tag="002">20161230</controlfield><controlfield tag="005">20161230201039</controlfield><controlfield tag="008">060222s1000------------r-----000-0-eng-d</controlfield><datafield ind1=" " ind2=" " tag="040"><subfield code="a">IFIN-HH</subfield></datafield><datafield ind1=" " ind2=" " tag="080"><subfield code="a">621.318.3</subfield></datafield><datafield ind1="1" ind2=" " tag="100"><subfield code="a">Montgomery, Bruce D</subfield></datafield><datafield ind1="1" ind2="0" tag="245"><subfield code="a">Solenoid magnet design</subfield><subfield code="b">The magnetic and mechanical aspects of resistive and superconducting systems</subfield><subfield code="c">Bruce d. montgomery</subfield></datafield><datafield ind1=" " ind2=" " tag="260"><subfield code="a">New York</subfield><subfield code="b">Wiley-interscience</subfield><subfield code="c">1969</subfield></datafield><datafield ind1=" " ind2=" " tag="300"><subfield code="a">XIII + 312P</subfield></datafield><datafield ind1=" " ind2=" " tag="852"><subfield code="a">32910</subfield><subfield code="c">538.221</subfield></datafield><datafield ind1=" " ind2=" " tag="CAT"><subfield code="a">Sys</subfield><subfield code="c">20110919</subfield><subfield code="h">104025</subfield></datafield></record></collection>